<record><leader>00000cas a22000007a 4500</leader><controlfield tag="001">26509446</controlfield><controlfield tag="008">920831d18uu18uunyuwr ne      0    0eng d</controlfield><datafield ind1=" " ind2=" " tag="010"><subfield code="a">sn 92062083 </subfield></datafield><datafield ind1=" " ind2=" " tag="040"><subfield code="a">NYS</subfield><subfield code="b">eng</subfield><subfield code="c">NYS</subfield><subfield code="d">OCL</subfield><subfield code="d">OCLCQ</subfield><subfield code="d">OCLCO</subfield></datafield><datafield ind1=" " ind2=" " tag="042"><subfield code="a">msc</subfield></datafield><datafield ind1=" " ind2=" " tag="043"><subfield code="a">n-us-ny</subfield></datafield><datafield ind1="0" ind2=" " tag="130"><subfield code="a">Randolph register (Randolph, N.Y. : 1881)</subfield></datafield><datafield ind1="1" ind2="0" tag="245"><subfield code="a">Randolph register.</subfield></datafield><datafield ind1="1" ind2="3" tag="246"><subfield code="a">Register</subfield></datafield><datafield ind1=" " ind2=" " tag="260"><subfield code="a">Randolph, N.Y. :</subfield><subfield code="b">Roberts &amp; Mishy</subfield></datafield><datafield ind1=" " ind2=" " tag="300"><subfield code="a">v.</subfield></datafield><datafield ind1=" " ind2=" " tag="310"><subfield code="a">Weekly,</subfield><subfield code="b">1885-&lt;Dec. 1888&gt;</subfield></datafield><datafield ind1=" " ind2=" " tag="321"><subfield code="a">Semiweekly,</subfield><subfield code="b">Dec. 2, 1884-Mar. 26, 1885</subfield></datafield><datafield ind1=" " ind2=" " tag="321"><subfield code="a">Weekly,</subfield><subfield code="b">&lt;Aug. 17, 1882-Nov. 1884&gt;</subfield></datafield><datafield ind1=" " ind2=" " tag="500"><subfield code="a">Publishers: Roberts &amp; Mishy, &lt;1882&gt;; Roberts &amp; Dean, &lt;1882-1885&gt;; Terry &amp; Johnson, &lt;1886&gt;; Mark D. Johnson &amp; Co., &lt;1887&gt;.</subfield></datafield><datafield ind1=" " ind2=" " tag="588"><subfield code="a">Description based on: June 9, 1881.</subfield></datafield><datafield ind1=" " ind2="0" tag="651"><subfield code="a">Conewango (N.Y.)</subfield><subfield code="v">Newspapers.</subfield></datafield><datafield ind1=" " ind2="0" tag="651"><subfield code="a">East Randolph (N.Y.)</subfield><subfield code="v">Newspapers.</subfield></datafield><datafield ind1=" " ind2="0" tag="651"><subfield code="a">Randolph (N.Y.)</subfield><subfield code="v">Newspapers.</subfield></datafield><datafield ind1=" " ind2="0" tag="651"><subfield code="a">Cattaraugus County (N.Y.)</subfield><subfield code="v">Newspapers.</subfield></datafield><datafield ind1=" " ind2=" " tag="752"><subfield code="a">United States</subfield><subfield code="b">New York</subfield><subfield code="c">Cattaraugus</subfield><subfield code="d">Randolph.</subfield></datafield><datafield ind1="0" ind2="0" tag="780"><subfield code="t">Randolph weekly register</subfield><subfield code="w">(DLC)sn 83031888</subfield></datafield><datafield ind1="0" ind2="7" tag="785"><subfield code="t">Weekly courant (Randolph, N.Y.)</subfield><subfield code="w">(DLC)sn 84035901</subfield></datafield><datafield ind1="0" ind2="7" tag="785"><subfield code="t">Randolph register and weekly courant</subfield><subfield code="w">(DLC)sn 92062084</subfield><subfield code="w">(OCoLC)26508540</subfield></datafield></record>